<?xml version="1.0" encoding="UTF-8"?><collection xmlns="http://www.loc.gov/MARC21/slim"><record><leader>00373nam--2200133-i-4500</leader><controlfield tag="001">000001171</controlfield><controlfield tag="002">20161230</controlfield><controlfield tag="005">20161230201024</controlfield><controlfield tag="008">060222s1000------------r-----000-0-eng-d</controlfield><datafield ind1=" " ind2=" " tag="080"><subfield code="a">541.1:518</subfield></datafield><datafield ind1=" " ind2=" " tag="100"><subfield code="a">Henley, Ernest J., Rosen, Edward M</subfield></datafield><datafield ind1=" " ind2=" " tag="245"><subfield code="a">Material and energy balance computations</subfield></datafield><datafield ind1=" " ind2=" " tag="260"><subfield code="a">New York, John Wiley &amp; Sons Inc., 1969. Xxx + 577 P</subfield></datafield><datafield ind1=" " ind2=" " tag="852"><subfield code="a">30727</subfield></datafield></record></collection>